@article{inria09,
	autor={Mihai Letia, Nuno Preguiça and Marc Shapiro},
	title={CRDTs: Consistency without concurrency control},
	year=2009,
	howpublished="\url{http://pagesperso-systeme.lip6.fr/Marc.Shapiro/papers/RR-6956.pdf}"
}

@article{inria11,
	author={Marc Shapiro, Nuno Pregui ̧ca, Carlos Baquero and Marek Zawirski},
	title={A comprehensive study of Convergent and Commutative Replicated Data Types},
	year=2011,
	howpublished="\url{https://hal.inria.fr/inria-00555588}"
}

@article{dynamo,
	author={Amazon.com, DeCandia, Hastorun, Jampani, Kakulapati, Lakshman, Pilchin, Sivasubramanian, Vosshall and Vogels},
	title={Dynamo: Amazon’s Highly Available Key-value Store},
	year=2007,
	howpublished="\url{http://www.allthingsdistributed.com/files/amazon-dynamo-sosp2007.pdf}"
}

@misc{riak,
	author={Basho Technologies},
	title={Riak},
	howpublished="\url{http://basho.com/riak/}",
	year=2009,
	note="[Online; accessed Oct 27 2014]"
}

@misc{riak20-announcement,
	author={Basho Technologies},
	title={Riak 2.0 Announcement},
	howpublished="\url{http://basho.com/riak-2-0-new-capabilities-new-use-cases-available-for-download/}",
	year=2014,
	note="[Online; accessed Oct 27 2014]"
}

@misc{riak-crdt,
	author={Basho Technologies},
	title={Distributed Data Types in Riak 2.0},
	howpublished="\url{http://basho.com/distributed-data-types-riak-2-0/}",
	year=2014
	note="[Online; accessed Oct 27 2014]"
}

@misc{roshi,
	author={Peter Bourgon, Tomás Senart, Björn Rabenstein and Johan Uhle, SoundCloud Ltd.},
	title={Roshi: a CRDT system for timestamped events},
	howpublished="\url{https://developers.soundcloud.com/blog/roshi-a-crdt-system-for-timestamped-events}",
	year=2014,
	note="[Online; accessed Oct 27 2014]"
}

% literally a blog post about a 16-year-old's idea. Somehow, I want to cite this just for that. And for the term "Eigenjesus".
@misc{eigenmorality,
	author={Scott Aaronson},
	title={Eigenmorality},
	howpublished="\url{http://www.scottaaronson.com/blog/?p=1820&re=1}",
	year=2014,
	note="[Online; accessed Oct 27 2014]"
}

