@article{fleissner06,
	title={Die Heilung der Achillesferse},
	author={Peter Fleissner},
	year=2006,
	url={http://www.opensourcejahrbuch.de/download/jb2006/chapter_09/osjb2006-09-02-fleissner.pdf}
}

@article{shapiro1998,
	author={Carl Shapiro, Hal R. Varian},
	title={Information Rules: A Strategic Guide to the Network Economy},
	year=1998,
	asin={B004OC07FI}
}

@article{coudert2010,
	author={Fanny Coudert},
	title={When video cameras watch and screen: Privacy implications of pattern recognition technologies},
	year=2010,
	doi={10.1016/j.clsr.2010.03.007},
	url={http://www.sciencedirect.com/science/article/pii/S0267364910000567}
}

@incollection{stopfer2010,
	author={Juliane M. Stopfer, Mitja D. Back, Boris Egloff},
	title={Persönlichkeit 2.0},
	doi={10.1007/s11623-010-0129-9},
	year=2010,
	url={http://www.dud.de/Premium-Inhalt/40/1485/Pers-},
	booktitle={Datenschutz und Datensicherheit},
	pages={459-462},
	publisher={Springer}
}

@incollection{eckert2003,
	author={Claudia Eckert},
	title={Mobil, aber sicher!},
	doi={10.1007/978-3-642-55550-3_4},
	year=2003,
	url={http://link.springer.com/chapter/10.1007%2F978-3-642-55550-3_4},
	booktitle={Xpert.press 2003},
	pages={85-121},
	publisher={Springer},
	isbn={978-3642624322, 978-3642555503}
}

@book{schoenberger2013,
	author={Viktor Mayer-Schönberger, Kenneth Cukier},
	title={Big Data: A Revolution That Will Transform How We Live, Work and Think},
	year=2013,
	publisher={John Murray},
	isbn={978-1848547926}
}

@article{elrep1e47,
	author={BlinkenTV},
	title={Elektrischer Reporter S01E47 - Jeff Jarvis über Journalismus im Internet-Zeitalter},
	year=2011,
	url={http://www.youtube.com/watch?v=2gvaiA-mUu4}
}

@article{pariser2011,
	author={Eli Pariser},
	title={Beware online filter bubbles},
	year=2011,
	url={http://www.youtube.com/watch?v=B8ofWFx525s}
}

@incollection{whitman2004,
	author={James Q. Whitman},
	title={The Two Western Cultures of Privacy: Dignity Versus Liberty},
	year=2004,
	url={http://www.yalelawjournal.org/article/the-two-western-cultures-of-privacy-dignity-versus-liberty},
	booktitle={The Yale Law Journal},
	volume={113,6}
}

@incollection{henne2013,
	author={Benjamin Henne, Christian Szongott, Matthew Smith},
	title={SnapMe if you can: privacy threats of other peoples' geo-tagged media and what we can do about it},
	year=2013,
	url={http://dl.acm.org/citation.cfm?doid=2462096.2462113},
	booktitle={Proceedings of the sixth ACM conference on Security and privacy in wireless and mobile networks},
	pages={95-106},
	isbn={978-1450319980},
	doi={10.1145/2462096.2462113},
	publisher={ACM}
}
